@inproceedings{Biocryptography10,
    author = "Kai Xi and Jiankun Hu",
    title = "Bio-Cryptography",
    booktitle = "Handbook of Information and Communication Security",
    year = "2010",
    pages = "129-157"
}

@manual{DES,
    title = "Details of the Data Encryption Standard",
    note = "\url{http://www.quadibloc.com/crypto/co040201.htm}",
    year = "2014"
}

@manual{IntroBio13,
    author = "Ravi Das",
    title = "An Introduction to Biocryptography",
    note = "\url{http://www.nationalhomelandsecurityknowledgebase.com/cln/news/2013/11221.aspx}",
    year = "2013",
    accessed = "October 25, 2014"
}

@article{Fingerprint07,
    author = "Fengling Han, Jiankun Hu, Xinghuo Yu, Yi Wang",
    title = "Fingerprint images encryption via multi-scroll chaotic attractors",
    journal = "Applied Mathematics and Computation",
    year = "2007",
    page = "931â€“939"
}

@misc{Janrain12,
    author = "Janrain",
    title = "Online Americans Fatigued by Password Overload Janrain Study Finds",
    note = "\url{http://janrain.com/about/newsroom/press-releases/online-americans-fatigued-by-password-overload-janrain-study-finds/}",
    year = "2012"
}


@book{Biometric14,
    author = "Ravi Das",
    title = "Biometric Technology: Authentication, Biocryptography, and Cloud-Based Architecture",
    publisher = "CRC Press",
    year = "2014"
}

